
@inproceedings{RobertsEngel2018,
	Address = {Stockholmsm{\"a}ssan, Stockholm Sweden},
	Author = {Roberts, Adam and Engel, Jesse and Raffel, Colin and Hawthorne, Curtis and Eck, Douglas},
	Booktitle = {Proceedings of the 35th International Conference on Machine Learning},
	Editor = {Dy, Jennifer and Krause, Andreas},
	Month = {10--15 Jul},
	Pages = {4364--4373},
	Publisher = {PMLR},
	Series = {Proceedings of Machine Learning Research},
	Title = {A Hierarchical Latent Vector Model for Learning Long-Term Structure in Music},
	Volume = {80},
	Year = {2018}}

@incollection{FlossmannGrachten2013,
	Author = {Flossmann, Sebastian and Grachten, Maarten and Widmer, Gerhard},
	Booktitle = {Guide to Computing for Expressive Music Performance},
	Pages = {75--98},
	Publisher = {Springer},
	Title = {Expressive performance rendering with probabilistic models},
	Year = {2013}}

@inproceedings{RobertsHawthorne2018,
	Author = {Adam Roberts and Curtis Hawthorne and Ian Simon},
	Booktitle = {Joint Workshop on Machine Learning for Music (ICML)},
	Title = {Magenta.js: A JavaScript API for Augmenting Creativity with Deep Learning},
	Year = {2018}}

@inproceedings{HadjeresPachet2017,
	Address = {International Convention Centre, Sydney, Australia},
	Author = {Ga{\"e}tan Hadjeres and Fran{\c{c}}ois Pachet and Frank Nielsen},
	Booktitle = {Proceedings of the 34th International Conference on Machine Learning},
	Editor = {Doina Precup and Yee Whye Teh},
	Month = {06--11 Aug},
	Pages = {1362--1371},
	Publisher = {PMLR},
	Series = {Proceedings of Machine Learning Research},
	Title = {{D}eep{B}ach: a Steerable Model for {B}ach Chorales Generation},
	Volume = {70},
	Year = {2017}}

@article{SturmBen-Tal2019,
	Author = {Bob L. Sturm and Oded Ben-Tal and {\'U}na Monaghan and Nick Collins and Dorien Herremans and Elaine Chew and Ga{\"e}tan Hadjeres and Emmanuel Deruty and Fran{\c c}ois Pachet},
	Journal = {Journal of New Music Research},
	Number = {1},
	Pages = {36--55},
	Title = {Machine learning research that matters for music creation: A case study},
	Volume = {48},
	Year = {2019}}

@inproceedings{Boulanger-LewandowskiBengio2012,
	Address = {Edinburgh, Scotland, UK},
	Author = {Nicolas Boulanger-Lewandowski and Yoshua Bengio and Pascal Vincent},
	Booktitle = {Proceedings of the 29th International Conference on Machine Learning},
	Title = {Modeling Temporal Dependencies in High-Dimensional Sequences: Application to Polyphonic Music Generation and Transcription},
	Year = {2012}}

@article{Collins2016,
	Author = {Collins, Nick},
	Journal = {Computer Music Journal},
	Number = {3},
	Pages = {41-57},
	Title = {A Funny Thing Happened on the Way to the Formula: Algorithmic Composition for Musical Theater},
	Volume = {40},
	Year = {2016}}

@inproceedings{Ariza2005,
	Author = {Ariza, Christopher},
	Booktitle = {Proceedings of International Computer Music Conference},
	Title = {Navigating the Landscape of Computer Aided Algorithmic Composition Systems: a Definition, seven Descriptors, and a Lexicon of Systems and Research.},
	Year = {2005}}

@article{schedl2014music,
	Author = {Schedl, Markus and G{\'o}mez, Emilia and Urbano, Juli{\'a}n and others},
	Journal = {Foundations and Trends{\textregistered} in Information Retrieval},
	Number = {2-3},
	Pages = {127--261},
	Title = {Music information retrieval: Recent developments and applications},
	Volume = {8},
	Year = {2014}}

@article{McFeeLanckriet2011,
	Author = {McFee, Brian and Lanckriet, Gert},
	Journal = {Journal of Machine Learning Research},
	Pages = {491--523},
	Title = {Learning multi-modal similarity},
	Volume = {12},
	Year = {2011}}

@incollection{OordDieleman2013,
	Author = {van den Oord, Aaron and Dieleman, Sander and Schrauwen, Benjamin},
	Booktitle = {Advances in Neural Information Processing Systems 26},
	Editor = {C. J. C. Burges and L. Bottou and M. Welling and Z. Ghahramani and K. Q. Weinberger},
	Pages = {2643--2651},
	Publisher = {Curran Associates, Inc.},
	Title = {Deep content-based music recommendation},
	Year = {2013}}

@inproceedings{ThickstunHarchaoui2017,
	Author = {John Thickstun and Zaid Harchaoui and Sham M. Kakade},
	Booktitle = {International Conference on Learning Representations (ICLR)},
	Title = {Learning Features of Music from Scratch},
	Year = {2017}}

@inproceedings{ArztWidmer2015,
	Author = {Arzt, Andreas and Widmer, Gerhard},
	Booktitle = {International Society for Music Information Retrieval (ISMIR)},
	Organization = {Citeseer},
	Pages = {357--363},
	Title = {Real-Time Music Tracking Using Multiple Performances as a Reference.},
	Year = {2015}}

@inproceedings{Vercoe1985,
	Author = {Vercoe, Barry},
	Booktitle = {Proceedings of the 1984 International Computer Music Conference},
	Organization = {International Computer Music Association},
	Pages = {199--200},
	Title = {The synthetic performer in the context of live performance},
	Year = {1984}}

@inproceedings{Dannenberg1985,
	Author = {Dannenberg, Roger},
	Booktitle = {Proceedings of the 1984 International Computer Music Conference},
	Month = {01},
	Organization = {International Computer Music Association},
	Pages = {193--198},
	Title = {An On-Line Algorithm for Real-Time Accompaniment},
	Year = {1985}}

@inproceedings{GuRaphael2012,
	Author = {Gu, Yupeng and Raphael, Christopher},
	Booktitle = {International Society for Music Information Retrieval (ISMIR)},
	Pages = {145--150},
	Title = {Modeling Piano Interpretation Using Switching Kalman Filter.},
	Year = {2012}}

@article{Cont2010,
	Author = {Cont, Arshia},
	Journal = {IEEE Transactions on Pattern Analysis and Machine Intelligence},
	Number = {6},
	Pages = {974--987},
	Title = {A coupled duration-focused architecture for real-time music-to-score alignment},
	Volume = {32},
	Year = {2010}}

@misc{Earis2009,
	Author = {Andrew Earis},
	Title = {{Mazurka in F Major, Op. 68, No. 3}},
	Year = {2009}}

@article{Earis2007,
	Author = {Andrew Earis},
	Journal = {Musicae Scientiae},
	Number = {2},
	Pages = {155-182},
	Title = {An Algorithm to Extract Expressive Timing and Dynamics from Piano Recordings},
	Volume = {11},
	Year = {2007}}


@misc{CHARM-site,
	Note = {Online; accessed 12 March 2019},
	Title = {{Centre for the History and Analysis of Recorded Music}},
	Url = {http://www.charm.rhul.ac.uk/about/about.html},
	Year = {2009}}


@inproceedings{LangFreitas2005,
	Address = {Cambridge, MA},
	Author = {Lang, Dustin and Freitas, Nando D},
	Booktitle = {Advances in Neural Information Processing Systems},
	Pages = {745--752},
	Publisher = {MIT press},
	Title = {Beat tracking the graphical model way},
	Year = {2005}}


@incollection{Bisiani1992,
	Author = {Bisiani, Roberto},
	Booktitle = {Encyclopedia of Artificial Intelligence},
	Edition = {2nd},
	Editor = {Shapiro, Stuart},
	Publisher = {John Wiley and Sons},
	Title = {Beam Search},
	Year = {1992}}

@techreport{WhiteleyAndrieu2010,
	Author = {Whiteley, Nick and Christophe Andrieu and Arnaud Doucet},
	Institution = {Bristol University},
	Number = {10:04},
	Title = {Efficient Bayesian Inference for Switching State-Space Models using Discrete Particle Markov Chain Monte Carlo Methods},
	Year = {2010}}

@article{ForsenGray2013,
	Author = {Fors{\'e}n, Sture and Gray, Harry B and Lindgren, LK Olof and Gray, Shirley B},
	Journal = {Notices of the AMS},
	Number = {9},
	Title = {Was Something Wrong with {B}eethoven's Metronome?},
	Volume = {60},
	Year = {2013}}

@article{FoxSudderth2011,
	Author = {Emily B. Fox and Erik B. Sudderth and Michael I. Jordan and Alan S. Willsky},
	Journal = {The Annals of Applied Statistics},
	Number = {2A},
	Pages = {1020--1056},
	Title = {A STICKY {HDP-HMM} WITH APPLICATION TO SPEAKER DIARIZATION},
	Volume = {5},
	Year = {2011}}

@article{BlockJonsen2011,
	Author = {Block, Barbara A and Jonsen, Ian D and Jorgensen, Salvador J and Winship, Arliss J and Shaffer, Scott A and Bograd, Steven J and Hazen, Elliott Lee and Foley, David G and Breed, GA and Harrison, A-L and others},
	Journal = {Nature},
	Number = {7354},
	Pages = {86},
	Title = {Tracking apex marine predator movements in a dynamic ocean},
	Volume = {475},
	Year = {2011}}

@article{PattersonThomas2008,
	Author = {Patterson, Toby A and Thomas, Len and Wilcox, Chris and Ovaskainen, Otso and Matthiopoulos, Jason},
	Journal = {Trends in ecology \& evolution},
	Number = {2},
	Pages = {87--94},
	Title = {State--space models of individual animal movement},
	Volume = {23},
	Year = {2008}}

@article{Kim1994,
	Author = {Kim, Chang-Jin},
	Journal = {Journal of Econometrics},
	Number = {1-2},
	Pages = {1--22},
	Title = {Dynamic linear models with Markov-switching},
	Volume = {60},
	Year = {1994}}

@article{RauchStriebel1965,
	Author = {Rauch, Herbert E and Striebel, CT and Tung, F},
	Journal = {AIAA journal},
	Number = {8},
	Pages = {1445--1450},
	Title = {Maximum likelihood estimates of linear dynamic systems},
	Volume = {3},
	Year = {1965}}

@article{KimKoh2009,
	Author = {Seung-Jean Kim and Kwangmoo Koh and Stephen Boyd and Dimitry Gorinevsky},
	Journal = {SIAM Review},
	Number = {2},
	Pages = {339-360},
	Title = {$\ell_1$ Trend Filtering},
	Volume = {51},
	Year = {2009}}

@article{GolubHeath1979,
	Author = {Golub, Gene H and Heath, Michael and Wahba, Grace},
	Journal = {Technometrics},
	Number = {2},
	Pages = {215--223},
	Title = {Generalized cross-validation as a method for choosing a good ridge parameter},
	Volume = {21},
	Year = {1979}}

@book{Harvey1990,
	Author = {Harvey, Andrew C},
	Publisher = {Cambridge University Press},
	Title = {Forecasting, structural time series models and the Kalman filter},
	Year = {1990}}

@article{FearnheadClifford2003,
	Author = {Fearnhead, Paul and Clifford, Peter},
	Journal = {Journal of the Royal Statistical Society: Series B (Statistical Methodology)},
	Number = {4},
	Pages = {887--899},
	Title = {On-line inference for hidden Markov models via particle filters},
	Volume = {65},
	Year = {2003}}

@book{AndersonMoore1979,
	Address = {Englewood Cliffs, NJ},
	Author = {Anderson, Brian D.O. and Moore, John B.},
	Publisher = {Prentice-Hall},
	Title = {Optimal filtering},
	Year = {1979}}

@article{Raphael2002,
	Author = {Raphael, Christopher},
	Journal = {Artificial Intelligence},
	Number = {1},
	Pages = {217--238},
	Title = {A hybrid graphical model for rhythmic parsing},
	Volume = {137},
	Year = {2002}}

@article{GhahramaniHinton2000,
	Author = {Ghahramani, Zoubin and Hinton, Geoffrey E},
	Journal = {Neural Computation},
	Number = {4},
	Pages = {831--864},
	Title = {Variational learning for switching state-space models},
	Volume = {12},
	Year = {2000}}

@inproceedings{ContSchwarz2007,
	Author = {Cont, Arshia and Schwarz, Diemo and Schnell, Norbert and Raphael, Christopher},
	Booktitle = {International Symposium on Music Information Retrieval (ISMIR)},
	Title = {Evaluation of real-time audio-to-score alignment},
	Year = {2007}}

@article{DannenbergRaphael2006,
	Author = {Dannenberg, Roger B and Raphael, Christopher},
	Journal = {Communications of the ACM},
	Number = {8},
	Pages = {38--43},
	Title = {Music score alignment and computer accompaniment},
	Volume = {49},
	Year = {2006}}

@book{Bernstein2005,
	Address = {Pompton Plains, NJ},
	Author = {Leonard Bernstein},
	Publisher = {Amadeus Press},
	Title = {Young People's Concerts},
	Year = {2005}}

@inproceedings{DrorKoenigstein2012,
	Author = {Dror, Gideon and Koenigstein, Noam and Koren, Yehuda and Weimer, Markus},
	Booktitle = {KDD Cup},
	Pages = {8--18},
	Title = {The {Yahoo!} Music Dataset and {KDD-Cup'11}},
	Year = {2012}}

@article{Tibshirani2014,
	Author = {Tibshirani, Ryan J},
	Journal = {Annals of Statistics},
	Pages = {285--323},
	Title = {Adaptive Piecewise Polynomial Estimation via Trend Filtering},
	Volume = {42},
	Year = {2014}}

@book{Wahba1990,
	Address = {Philadelphia, PA},
	Author = {Wahba, Grace},
	Publisher = {Society for Industrial and Applied Mathematics (SIAM)},
	Series = {CBMS-NSF Regional Conference Series in Applied Mathematics},
	Title = {Spline models for observational data},
	Volume = {59},
	Year = {1990}}

@conference{Raphael2010,
	Address = {Haifa, Israel},
	Author = {Raphael, C.},
	Booktitle = {Proceedings of the 27th International Conference on Machine Learning (ICML-10)},
	Editor = {Johannes F{\"u}rnkranz and Thorsten Joachims},
	Pages = {21--28},
	Title = {Music Plus One and Machine Learning},
	Year = {2010}}

@book{DurbinKoopman2001,
	Address = {Oxford},
	Author = {Durbin, J. and Koopman, S.J.},
	Publisher = {Oxford Univ Press},
	Title = {Time Series Analysis by State Space Methods},
	Year = {2001}}

@article{Hamilton2011,
	Author = {Hamilton, J.D.},
	Journal = {International Journal of Forecasting},
	Pages = {1006--126},
	Title = {Calling Recessions in Real Time},
	Volume = {27},
	Year = {2011}}

@article{CravenWahba1978,
	Author = {Craven, P. and Wahba, G.},
	Journal = {Numerische Mathematik},
	Number = {4},
	Pages = {377--403},
	Title = {Smoothing Noisy Data with Spline Functions},
	Volume = {31},
	Year = {1978}}

@article{Kitagawa1987,
	Author = {Kitagawa, G.},
	Journal = {Journal of the American Statistical Association},
	Pages = {1032--1041},
	Title = {Non-{G}aussian State-Space Modeling of Nonstationary Time Series},
	Year = {1987}}

@article{Kitagawa1996,
	Author = {Kitagawa, G.},
	Journal = {Journal of Computational and Graphical Statistics},
	Pages = {1--25},
	Title = {{Monte C}arlo Filter and Smoother for Non-{G}aussian Nonlinear State Space Models},
	Year = {1996}}

@article{KimNelson1998,
	Author = {Kim, C.J. and Nelson, C.R.},
	Journal = {Review of Economics and Statistics},
	Number = {2},
	Pages = {188--201},
	Title = {Business Cycle Turning Points, a New Coincident Index, and Tests of Duration Dependence Based on a Dynamic Factor Model with Regime Switching},
	Volume = {80},
	Year = {1998}}

@article{RenDunson2010,
	Author = {Lu Ren and David Dunson and Scott Lindroth and Lawrence Carin},
	Journal = {Journal of the American Statistical Association},
	Pages = {458--472},
	Title = {Dynamic Nonparametric {B}ayesian Models for Analysis of Music},
	Volume = {105},
	Year = {2010}}

@article{Fuh2006,
	Author = {Fuh, Cheng-Der},
	Journal = {Annals of Statistics},
	Number = {4},
	Pages = {2026--2068},
	Title = {Efficient Likelihood Estimation in State Space Models},
	Volume = {34},
	Year = {2006}}

@article{AndrieuDoucet2010,
	Author = {Christophe Andrieu and Arnaud Doucet and Roman Holenstein},
	Journal = {Journal of the Royal Statistical Society. Series B, Statistical Methodology},
	Number = {2},
	Pages = {1--33},
	Title = {Particle {M}arkov Chain {Monte C}arlo Methods},
	Volume = {72},
	Year = {2010}}

@article{KoyamaPerez-Bolde2010,
	Author = {Shinsuke Koyama and Lucia Castellanos P{\'e}rez-Bolde and Cosma Rohilla Shalizi and Robert E. Kass},
	Journal = {Journal of the American Statistical Association},
	Month = {March},
	Number = {489},
	Pages = {170--180},
	Title = {Approximate Methods for State-Space Models},
	Volume = {105},
	Year = {2010}}

@article{DurbinKoopman1997,
	Author = {James Durbin and Siem Jan Koopman},
	Journal = {Biometrika},
	Month = {September},
	Number = {3},
	Pages = {669--684},
	Title = {{Monte Carlo} Maximum Likelihood Extimation for Non-{G}aussian State Space Models},
	Volume = {84},
	Year = {1997}}

@article{Kalman1960,
	Author = {Rudolf E. Kalman},
	Journal = {Journal of Basic Engineering},
	Number = {1},
	Pages = {35--45},
	Title = {A New Approach to Linear Filtering and Prediction Problems},
	Volume = {82},
	Year = {1960}}
