
@article{Kalman1960,
	Author = {Rudolf E. Kalman},
	Journal = {Journal of Basic Engineering},
	Number = {1},
	Pages = {35--45},
	Title = {A New Approach to Linear Filtering and Prediction Problems},
	Volume = {82},
	Year = {1960}}

@article{DurbinKoopman1997,
	Author = {James Durbin and Siem Jan Koopman},
	Journal = {Biometrika},
	Month = {September},
	Number = {3},
	Pages = {669--684},
	Title = {{Monte Carlo} Maximum Likelihood Extimation for Non-{G}aussian State Space Models},
	Volume = {84},
	Year = {1997}}

@article{KoyamaPerez-Bolde2010,
	Author = {Shinsuke Koyama and Lucia Castellanos P{\'e}rez-Bolde and Cosma Rohilla Shalizi and Robert E. Kass},
	Journal = {Journal of the American Statistical Association},
	Month = {March},
	Number = {489},
	Pages = {170--180},
	Title = {Approximate Methods for State-Space Models},
	Volume = {105},
	Year = {2010}}

@article{AndrieuDoucet2010,
	Author = {Christophe Andrieu and Arnaud Doucet and Roman Holenstein},
	Journal = {Journal of the Royal Statistical Society. Series B, Statistical Methodology},
	Number = {2},
	Pages = {1--33},
	Title = {Particle {M}arkov Chain {Monte C}arlo Methods},
	Volume = {72},
	Year = {2010}}

@article{Fuh2006,
	Author = {Fuh, Cheng-Der},
	Journal = {Annals of Statistics},
	Number = {4},
	Pages = {2026--2068},
	Title = {Efficient Likelihood Estimation in State Space Models},
	Volume = {34},
	Year = {2006}}

@article{KimNelson1998,
	Author = {Kim, C.J. and Nelson, C.R.},
	Journal = {Review of Economics and Statistics},
	Number = {2},
	Pages = {188--201},
	Title = {Business Cycle Turning Points, a New Coincident Index, and Tests of Duration Dependence Based on a Dynamic Factor Model with Regime Switching},
	Volume = {80},
	Year = {1998}}

@article{Kitagawa1996,
	Author = {Kitagawa, G.},
	Journal = {Journal of Computational and Graphical Statistics},
	Pages = {1--25},
	Title = {{Monte C}arlo Filter and Smoother for Non-{G}aussian Nonlinear State Space Models},
	Year = {1996}}

@article{Kitagawa1987,
	Author = {Kitagawa, G.},
	Journal = {Journal of the American Statistical Association},
	Pages = {1032--1041},
	Title = {Non-{G}aussian State-Space Modeling of Nonstationary Time Series},
	Year = {1987}}

@article{Hamilton2011,
	Author = {Hamilton, J.D.},
	Journal = {International Journal of Forecasting},
	Pages = {1006--126},
	Title = {Calling Recessions in Real Time},
	Volume = {27},
	Year = {2011}}

@book{DurbinKoopman2001,
	Address = {Oxford},
	Author = {Durbin, J. and Koopman, S.J.},
	Publisher = {Oxford Univ Press},
	Title = {Time Series Analysis by State Space Methods},
	Year = {2001}}

@inproceedings{DrorKoenigstein2012,
	Author = {Dror, Gideon and Koenigstein, Noam and Koren, Yehuda and Weimer, Markus},
	Booktitle = {KDD Cup},
	Pages = {8--18},
	Title = {The {Yahoo!} Music Dataset and {KDD-Cup'11}},
	Year = {2012}}

@book{Bernstein2005,
	Address = {Pompton Plains, NJ},
	Author = {Leonard Bernstein},
	Publisher = {Amadeus Press},
	Title = {Young People's Concerts},
	Year = {2005}}

@article{GhahramaniHinton2000,
	Author = {Ghahramani, Zoubin and Hinton, Geoffrey E},
	Journal = {Neural computation},
	Number = {4},
	Pages = {831--864},
	Title = {Variational learning for switching state-space models},
	Volume = {12},
	Year = {2000}}

@book{AndersonMoore1979,
	Address = {Englewood Cliffs, NJ},
	Author = {Anderson, Brian D.O. and Moore, John B.},
	Publisher = {Prentice-Hall},
	Title = {Optimal filtering},
	Year = {1979}}

@misc{McDonald2016,
	Author = {Daniel J. McDonald and Michael McBride},
	Howpublished = {in preparation},
	Title = {Discovering Musical Interpretations with Markov-Switching State Space Models},
	Year = {2018}}

@book{Harvey1990,
	Author = {Harvey, Andrew C},
	Publisher = {Cambridge University Press},
	Title = {Forecasting, structural time series models and the Kalman filter},
	Year = {1990}}

@article{RauchStriebel1965,
	Author = {Rauch, Herbert E and Striebel, CT and Tung, F},
	Journal = {AIAA journal},
	Number = {8},
	Pages = {1445--1450},
	Title = {Maximum likelihood estimates of linear dynamic systems},
	Volume = {3},
	Year = {1965}}

@article{Kim1994,
	Author = {Kim, Chang-Jin},
	Journal = {Journal of Econometrics},
	Number = {1-2},
	Pages = {1--22},
	Title = {Dynamic linear models with Markov-switching},
	Volume = {60},
	Year = {1994}}

@article{PattersonThomas2008,
	Author = {Patterson, Toby A and Thomas, Len and Wilcox, Chris and Ovaskainen, Otso and Matthiopoulos, Jason},
	Journal = {Trends in ecology \& evolution},
	Number = {2},
	Pages = {87--94},
	Title = {State--space models of individual animal movement},
	Volume = {23},
	Year = {2008}}

@article{BlockJonsen2011,
	Author = {Block, Barbara A and Jonsen, Ian D and Jorgensen, Salvador J and Winship, Arliss J and Shaffer, Scott A and Bograd, Steven J and Hazen, Elliott Lee and Foley, David G and Breed, GA and Harrison, A-L and others},
	Journal = {Nature},
	Number = {7354},
	Pages = {86},
	Title = {Tracking apex marine predator movements in a dynamic ocean},
	Volume = {475},
	Year = {2011}}

@article{FoxSudderth2011,
	Author = {Emily B. Fox and Erik B. Sudderth and Michael I. Jordan and Alan S. Willsky},
	Journal = {The Annals of Applied Statistics},
	Number = {2A},
	Pages = {1020--1056},
	Title = {A STICKY {HDP-HMM} WITH APPLICATION TO SPEAKER DIARIZATION},
	Volume = {5},
	Year = {2011}}


@article{FearnheadClifford2003,
	Author = {Fearnhead, Paul and Clifford, Peter},
	Journal = {Journal of the Royal Statistical Society: Series B (Statistical Methodology)},
	Number = {4},
	Pages = {887--899},
	Title = {On-line inference for hidden Markov models via particle filters},
	Volume = {65},
	Year = {2003}}
